% Encoding: UTF-8
%-----------------------------------------------------------------------------------------------------------------------------------
%Buchquellen:
%-----------------------------------------------------------------------------------------------------------------------------------
@Book{book:SimulationMechatronischerSysteme,
  author     = {Michael Glöckler},
  title      = {Simulation mechatronischer Systeme},
  subtitle   = {Grundlagen und Beispiele für MATLAB und Simulink},
  edition    = {2., überarbeitete Auflage},
  date       = {2018},
  publisher  = {Springer Vieweg, Wiesbaden},   %Verlag+Ort
}

%-----------------------------------------------------------------------------------------------------------------------------------
%pdfs:
%-----------------------------------------------------------------------------------------------------------------------------------

@report{report:FMI2_Specs,
    author      = {o.V.}, 
    type        = {Spezifikation},
    institution = {Modelica Association},
    version     = {2.0.4},
    title       = {Functional Mock-up Interface for Model Exchange and Co-Simulation},
    date        = {2022-11-10},
}

@article{article:Fritzson_The_OpenModelica_Integrated_2020,
author = {Fritzson, Peter and Pop, Adrian and Abdelhak, Karim and Ashgar, Adeel and Bachmann, Bernhard and Braun, Willi and Bouskela, Daniel and Braun, Robert and Buffoni, Lena and Casella, Francesco and Castro, Rodrigo and Franke, Rüdiger and Fritzson, Dag and Gebremedhin, Mahder and Heuermann, Andreas and Lie, Bernt and Mengist, Alachew and Mikelsons, Lars and Moudgalya, Kannan and Ochel, Lennart and Palanisamy, Arunkumar and Ruge, Vitalij and Schamai, Wladimir and Sjölund, Martin and Thiele, Bernhard and Tinnerholm, John and Östlund, Per},
journal = {Modeling, Identification and Control},
number = {4},
pages = {241--295},
title = {{The OpenModelica Integrated Environment for Modeling, Simulation, and Model-Based Development}},
volume = {41},
year = {2020}
}


%-----------------------------------------------------------------------------------------------------------------------------------
%interne Quellen:
%-----------------------------------------------------------------------------------------------------------------------------------
@misc{internal:MATCH_Intro,
    author      = {o.V.}, 
    title       = {MATCH Introduction},
    date        = {2019-04-05},
    type        = {internes Dokument},
    version     = {2.1},
    howpublished = {Pfad/zum/doc.pdf},
    urldate     = {2023-10-06},
}

%-----------------------------------------------------------------------------------------------------------------------------------
%Internetquellen:
%-----------------------------------------------------------------------------------------------------------------------------------

@online{online:PropVentil,
        author      = {o.V.},
	title = {Proportionalventile},
	year = {2023},
	month = {10},
	urldate = {2023-10-03},
	url = {https://www.bibus.de/produkte-loesungen/pneumatik/ventile/proportionalventile}
}

@online{online:Pcan5,
	author = {o.V.},
	title = {PCAN-Explorer 5: PEAK-System},
	date = {2023-09-06},
	urldate = {2023-10-06},
	url = {https://www.peak-system.com/Details.114+M5b449283ace.0.html}
}

@online{online:Pcan5Symbol,
	author = {o.V.},
	title = {PCAN-Symbol Editor 6: PEAK-System},
	date = {2023-06-23},
	urldate = {2023-10-06},
	url = {https://www.peak-system.com/PCAN-Symbol-Editor-6.416.0.html?&L=1}
}

@online{online:Win32Api,
	author = {John Kennedy and others},
	title = {Windows-API-Index},
	date = {2023-06-02},
	urldate = {2024-03-13},
	url = {https://learn.microsoft.com/de-de/windows/win32/apiindex/windows-api-list}
}